@String{mnras = "MNRAS"}
@String{mnrasl = "MNRASL"}
@String{aap = "A\&A"}
@String{apj = "Astrophys. J."}
@String{apjl = "Astrophys. J. Lett."}
@String{apjs = "Astrophys. J. Supp."}
@String{cqg = "Class. Quant. Grav."}
@String{pra = "Phys. Rev. A"}
@String{prb = "Phys. Rev. B"}
@String{prd = "Phys. Rev. D"}
@String{prl = "Phys. Rev. Lett."}
@String{prx = "Phys. Rev. X"}
@String{pasa = "Pub. Astron. Soc. Aust."}

@article{IMRPhenomPv2,
author = "Mark Hannam and Patricia Schmidt and Alejandro Boh{\'e} and Le{\"i}la Haegel and Sascha Husa and Frank Ohme and Geraint Pratten and Michael P{\"u}rrer",
title = "Simple Model of Complete Precessing Black-Hole-Binary Gravitational Waveforms",
journal = prl,
volume = 113,
pages = "151101",
year = 2014}

@article{NRSur7dq2,
author = "Jonathan Blackman and Scott E. Field and Mark A. Scheel and Chad R. Galley and Christian D. Ott and Michael Boyle and Lawrence E. Kidder and Harald P. Pfeiffer and B{\'e}la Szil{\'a}gyi",
title = "A Numerical Relativity Waveform Surrogate Model for Generically Precessing Binary Black Hole Mergers",
journal = prd,
volume = 96,
pages = "024058",
year = 2017}

@article{NRHybSur3dq8,
author = {Varma, Vijay and Field, Scott E. and Scheel, Mark A. and Blackman, Jonathan and Kidder, Lawrence E. and Pfeiffer, Harald P.},
journal = prd,
volume = {99},
issue = {6},
pages = {064045},
numpages = {21},
year = {2019}
}

@article{intro,
author = "E Thrane and C Talbot",
title = "{An introduction to Bayesian inference in gravitational-wave astronomy: parameter estimation, model selection, and hierarchical models}",
journal = pasa,
volume = 36     ,
pages = "E010",
year = 2019}

@article{GW170817_mma,
author = "B P Abbott and others",
title = " Multi-messenger observations of a binary neutron star merger",
journal = apjl,
volume = 848,
pages = "L12",
year = 2017}

@article{GW170817_properties,
author = "B P Abbott and others",
title = "{ Properties of the binary neutron star merger GW170817}",
journal = prx,
volume = 9,
pages = "011001",
year = 2019}

@article{GW170817_tidal,
author = "B P Abbott and others",
title = "{GW170817: Measurements of neutron star radii and equation of state}",
journal = prl,
volume = 121,
pages = "161101",
year = 2018}

@article{Schutz,
author = "Bernard F. Schutz ",
title = "{Determining the Hubble constant from gravitational wave observations}",
journal = "Nature",
volume = 323,
pages = "310",
year = 1986}

@article{GW170817_Hubble,
author = "B P Abbott and others",
title = "{A gravitational-wave standard siren measurement of the Hubble constant}",
journal = "Nature",
volume = 551,
pages = "85",
year = 2017}

@article{mass,
author = "C Talbot and E Thrane",
title = "Measuring the binary black hole mass spectrum with an astrophysically  motivated parameterization",
journal = apj,
volume = 856,
pages = "173",
year = 2018}

@article{mass_uc,
author = "M Fishbach and D E Holz",
title = "{Where Are LIGO's Big Black Holes?}",
journal = apjl,
volume = 851,
pages = "L25",
year = 2017}

@unpublished{o2pop,
author = "B P Abbott and others",
title = "Binary Black Hole Population Properties Inferred from the First and Second Observing Runs of Advanced LIGO and Advanced Virgo",
journal = "",
volume = "",
pages = "",
year = 2018,
note = "https://arxiv.org/abs/1811.12940"}

@article{GW150914_gr,
author = "B P Abbott and others",
title = "{Tests of General Relativity with GW150914}",
journal = prl,
volume = 116,
pages = "221101",
year = 2016}

@article{Salvo,
author = "Salvatore Vitale and Ryan Lynch and Riccardo Sturani and Philip Graff",
title = "Use of gravitational waves to probe the formation channels of compact binaries",
journal = cqg,
volume = 34,
pages = "03LT01",
year = 2017}

@article{Stevenson,
author = "S Stevenson and Christopher P. L. Berry and Ilya Mandel",
journal = mnras,
volume = 471,
pages = "2801",
year = 2017}

@article{bfarr,
author = "Ben Farr and Daniel E. Holz and Will M. Farr",
title = "Using Spin to Understand the Formation of LIGO and Virgo's Black Holes",
journal = apjl,
volume = 854,
pages = "L9",
year = 2018}

@article{eccentricity,
author = "M E Lower and E Thrane and P D Lasky and R Smith",
title = "Measuring eccentricity in binary black hole inspirals with gravitational waves",
journal = prd,
volume = 98,
pages = "083028",
year = 2018}

@article{GerosaBerti,
author = "D Gerosa and Emanuele Berti",
title = "Are merging black holes born from stellar collapse or previous mergers?",
journal = prd,
volume = 95, 
pages = "124046",
year = 2017}

@article{spin,
author = "C Talbot and E Thrane",
title = "Determining the population properties of spinning black holes",
journal = prd,
volume = 96,
pages = "023012",
year = 2017}

@article{FarrNature,
author = "W M Farr and S Stevenson and M C Miller and I Mandel and B Farr and A Vecchio",
title = "Distinguishing Spin-Aligned and Isotropic Black Hole Populations With Gravitational Waves",
journal = "Nature",
volume = 548,
pages = "426",
year = 2017}

@unpublished{Wysocki18,
author = "Daniel Wysocki and Jacob Lange and Richard O'Shaughnessy",
title = "Reconstructing phenomenological distributions of compact binaries via gravitational wave observations",
journal = "",
volume = "",
pages = "",
year = 2018,
note = "https://arxiv.org/abs/1805.06442"}

@article{GRB170817A,
author = "B P Abbott and others",
collaboration = lv,
title = "{Gravitational Waves and Gamma-Rays from a Binary Neutron Star Merger: GW170817 and GRB 170817A}",
journal = apjl,
volume = 848,
pages = "L13",
year = 2017}

@article{lalinference,
author = "J Veitch and others",
title = "Parameter estimation for compact binaries with ground-based gravitational-wave observations using the LALInference software library",
journal = prd,
volume = 91,
pages = "042003",
year = 2015}

@article{RapidPE1,
author = "C. Pankow and P. Brady and E. Ochsner and R. O'Shaughnessy",
title = "A novel scheme for rapid parallel parameter estimation of gravitational waves from compact binary coalescences",
journal = prd,
volume = 92,
pages = "023002",
year = 2015}

@unpublished{RapidPE2,
author = {J. Lange and R. O'Shaughnessy and M. Rizzo},
title = "Rapid and accurate parameter inference for coalescing, precessing compact binaries",
journal = "",
volume = "",
pages = "",
year = 2018,
note = "https://arxiv.org/abs/1805.10457"}

@article{Metropolis1953,
author = {Metropolis,Nicholas  and Rosenbluth,Arianna W.  and Rosenbluth,Marshall N.  and Teller,Augusta H.  and Teller,Edward },
title = {Equation of State Calculations by Fast Computing Machines},
journal = {The Journal of Chemical Physics},
volume = {21},
number = {6},
pages = {1087-1092},
year = {1953},
doi = {10.1063/1.1699114},
URL = {https://doi.org/10.1063/1.1699114},
}

@article{Hastings1970,
 ISSN = {00063444},
 author = {W. K. Hastings},
 journal = {Biometrika},
 number = {1},
 pages = {97--109},
 publisher = {[Oxford University Press, Biometrika Trust]},
 title = {Monte Carlo Sampling Methods Using Markov Chains and Their Applications},
 volume = {57},
 year = {1970}
}

@article{Skilling2004,
author = {Skilling, John},
doi = {10.1063/1.1835238},
journal = {AIP Conf. Proc.},
number = {1},
pages = {395--405},
title = {{Nested Sampling}},
url = {http://aip.scitation.org/doi/abs/10.1063/1.1835238 https://projecteuclid.org/euclid.ba/1340370944},
volume = {735},
year = {2004}
}

@article{PyCBCInference,
author = "C. M. Biwer and Collin D. Capano and Soumi De and Miriam Cabero and Duncan A. Brown and Alexander H. Nitz and V. Raymond",
title = "{PyCBC Inference: A Python-based Parameter Estimation Toolkit for Compact Binary Coalescence Signals}",
journal = "Publications of the Astronomical Society of the Pacific",
volume = 131,
pages = "024503",
year = 2019}

@article{bilby,
author = "Gregory Ashton and Moritz Huebner and Paul D. Lasky and {Colm Talbot} and Kendall Ackley and {Sylvia Biscoveanu} and Qi Chu and Atul Divarkala and Paul J. Easter and {Boris Goncharov} and {Francisco Hernandez Vivanco} and Jan Harms and Marcus E. Lower and {Grant D. Meadors} and Denyz Melchor and Ethan Payne and Matthew D. Pitkin and Jade Powell and Nikhil Sarin and {Rory J. E. Smith} and Eric Thrane",
title = "{Bilby: A user-friendly Bayesian inference library for gravitational-wave astronomy}",
journal = apjs,
volume = 241,
pages = "27",
year = 2019}

@article{smith,
author = "Rory Smith and Scott E. Field and Kent Blackburn and Carl-Johan Haster and Michael P{\"u}rrer and Vivien Raymond and Patricia Schmidt",
title = "{Fast and accurate inference on gravitational waves from precessing compact binaries}",
journal = prd,
volume = 94,
pages = "044031",
year = 2016}

@article{purrer,
author = "M P{\"u}rrer",
title = "Frequency-domain reduced order models for gravitational waves from aligned-spin compact binaries",
journal = cqg,
volume = 31,
pages = "195010",
year = 2014}

@article{canizares,
author = "Priscilla Canizares and Scott E. Field and Jonathan R. Gair and and Manuel Tiglio",
title = "Gravitational wave parameter estimation with compressed likelihood evaluations",
journal = prd,
volume = 87,
pages = "124005",
year = 2013}

@article{SEOBNRv2,
author = "Sebastian Khan and Sascha Husa and Mark Hannam and Frank Ohme and Michael P{\"u}rrer and Xisco Jim√©nez Forteza and Alejandro Boh{\'e}",
title = "Frequency-domain gravitational waves from non-precessing black-hole binaries. II. A phenomenological model for the advanced detector era",
journal = prd,
volume = 93,
pages = "044007",
year = 2016}

@article{memory,
author = "P D Lasky and E Thrane and Y Levin and J Blackman and Y Chen",
title = "{Detecting gravitational-wave memory with LIGO: implications of GW150914}",
journal = prl,
volume = 117,
pages = "061102 ",
year = 2016}

@article{Kumar,
author = "Prayush Kumar and Jonathan Blackman and Scott E. Field and Mark Scheel and Chad R. Galley and Michael Boyle and Lawrence E. Kidder and Harald P. Pfeiffer and Bela Szilagyi and Saul A. Teukolsky",
title = "{Constraining the parameters of GW150914 & GW170104 with numerical relativity surrogates}",
journal = "",
volume = "",
pages = "",
year = 2018,
note = "arxiv/1808.08004"}

@article{Chatziioannou,
author = "Katerina Chatziioannou and others",
title = "{On the properties of the heavy binary black hole merger GW170729}",
journal = "",
volume = "",
pages = "",
year = 2019,
note = "arxiv/1903.06742"}

@article{gwtc-1,
author = "B P Abbott and others",
collaboration = lv,
title = "{GWTC-1: A Gravitational-Wave Transient Catalog of Compact Binary Mergers Observed by LIGO and Virgo during the First and Second Observing Runs}",
journal = "",
volume = "",
pages = "",
year = 2018,
note = "arixv/1811.12907"}

@misc{hom-git,
author = "E Payne and E Thrane and C Talbot",
title = "Higher order gravitational-wave modes with likelihood reweighting companion page",
year = 2019,
url = "{https://git.ligo.org/ethan.payne/gw-hom}"}

@article{IMRPhenomD,
author = "Sebastian Khan and Sascha Husa and Mark Hannam and Frank Ohme and Michael P{\"u}rrer and Xisco Jim{'e}nez Forteza and Alejandro Boh{\'e}",
title = "{Frequency-domain gravitational waves from nonprecessing black-hole binaries. II. A phenomenological model for the advanced detector era}",
journal = prd,
volume = 93,
pages = "044007",
year = 2016}

@book{Jeffreys61,
  address = {Oxford, England},
  author = {Jeffreys, H.},
  booktitle = {Theory of Probability},
  edition = {Third},
  publisher = {Oxford},
  title = {Theory of Probability},
  year = 1961
}

@book{Kish,
  address = {Oxford, England},
  author = {Leslie Kish},
  booktitle = {Survey Sampling},
  edition = {Third},
  publisher = {Wiley-Interscience},
  title = {Survey Sampling},
  year = 1995
  }
  
@misc{cpnest,
author = "Walter Del Pozzo and John Veitch",
title = "CPNest",
url = "DOI:10.5281/zenodo.835874",
year = 2019}

@article{aligo,
author = "J. Abadie and others",
title = "{Advanced LIGO}",
journal = cqg,
volume = 32,
pages = "074001",
year = 2015}

@article{Handley,
author = "Will Handley and Pablo Lemos",
title = "{Quantifying dimensionality: Bayesian cosmological model complexities}",
journal = "",
volume = "",
pages = "",
year = 2019,
note = "arxiv/1903.06682"}

@article{Hogg,
author = "David W. Hogg and Daniel Foreman-Mackey",
title = "{Data analysis recipes: Using Markov Chain Monte Carlo}",
journal = apjs,
volume = 236,
pages = "11",
year = 2018}

@article{gpu_inference,
author = "Colm Talbot and  Rory Smith and Eric Thrane and Gregory B. Poole",
title = "{Parallelized Inference for Gravitational-Wave Astronomy
}",
journal = "",
volume = "",
pages = "",
year = 2019,
note = "arxiv/1904.02863"}

@article{gpu_rit,
author = "D. Wysocki and R. O'Shaughnessy and Y-L. L. Fang and Jacob Lange",
title = "Accelerating parameter inference with graphics processing units",
journal = "",
volume = "",
pages = "",
year = 2019,
note = "arxiv/1902.04934"}

@article{IMRPhenomHM,
author = "Lionel London and Sebastian Khan and Edward Fauchon-Jones and Cecilio Garc√≠a and Mark Hannam and Sascha Husa and Xisco Jim{\'e}nez Forteza and Chinmay Kalaghatgi and Frank Ohme and Francesco Pannarale",
title = "First higher-multipole model of gravitational waves from spinning and coalescing black-hole binaries",
journal = prl,
volume = 120,
pages = "161102",
year = 2018}

@misc{dynesty,
author = "Joshua S Speagle",
title = "{dynesty: A Dynamic Nested Sampling Package for Estimating Bayesian Posteriors and Evidences}",
journal = "",
volume = "",
pages = "",
year = 2019,
url = "https://arxiv.org/abs/1904.02180v1"}

@article{vijay,
author = "Vijay Varma and Parameswaran Ajith",
title = "Effects of nonquadrupole modes in the detection and parameter estimation of black hole binaries with nonprecessing spins",
journal = prd,
volume = 96,
pages = "124024",
year = 2017}

@inproceedings{losc,
author = "M Vallisneri and others",
title = "{The LIGO Open Science Center}",
booktitle = "10th LISA Symposium",
venue = "University of Florida, Gainesville",
year = 2014}

@article{bustillo,
author = "Juan {Calder{\'o}n Bustillo} and Sascha Husa and Alicia M. Sintes and Michael P{\"u}rrer",
title = "Impact of gravitational radiation higher order modes on single aligned-spin gravitational wave searches for binary black holes",
journal = prd,
volume = 93,
pages = "084019",
year = 2016}

@article{varma,
author = "Vijay Varma and Parameswaran Ajith",
title = "Effects of nonquadrupole modes in the detection and parameter estimation of black hole binaries with nonprecessing spins",
journal = prd,
volume = 96,
pages = "124024",
year = 2017}

@book{Robert&Casella,
author = "C P Robert and G Casella",
address = "New York",
booktitle = "Monte Carlo Statistical Methods",
edition = "2",
publisher = "Springer",
title = "Monte Carlo Statistical Methods",
year = 2004}

@book{Liu,
author = "J S Liu",
address = "New York",
booktitle = "Monte Carlo Strategies in Scientific Computing",
edition = "1",
publisher = "Springer",
title = "Monte Carlo Strategies in Scientific Computing",
year = 2004}

@article{SmithAshton,
author = "R J E Smith and G Ashton",
title = "Expediting Astrophysical Discovery with Gravitational-Wave Transients Through Massively Parallel Nested Sampling",
journal = "",
volume = "",
pages = "",
year = 2019,
note = "https://arxiv.org/abs/1909.11873"}

@article{elvira,
author = "V√≠ctor Elvira, Luca Martino, Christian P. Robert",
title = "Rethinking the Effective Sample Size",
journal = "",
volume = "",
pages = "",
year = 2018,
note = "arxiv/1809.04129"}

@article{arxiv,
author = "Ethan Payne and Colm Talbot and Eric Thrane",
title = "Higher order gravitational-wave modes with likelihood reweighting",
journal = "",
volume = "",
pages = "",
year = 2019,
note = "https://arxiv.org/abs/1905.05477v1"
}

@article{isobel,
author = "Isobel M. Romero-Shaw and Paul D. Lasky and Eric Thrane",
title = "Searching for Eccentricity: Signatures of Dynamical Formation in the First Gravitational-Wave Transient Catalogue of LIGO and Virgo",
journal = "",
volume = "",
pages = "",
year = 2019,
note = "https://arxiv.org/abs/1909.05466"}
