@article{gwtc1, %name
  title = {GWTC-1: A Gravitational-Wave Transient Catalog of Compact Binary Mergers Observed by LIGO and Virgo during the First and Second Observing Runs},
  author = {Abbott, B. P. and Abbott, R. and Abbott, T. D. and Abraham, S. and Acernese, F. and Ackley, K. and Adams, C. and Adhikari, R. X. and Adya, V. B. and Affeldt, C. and Agathos, M. and Agatsuma, K. and Aggarwal, N. and Aguiar, O. D. and Aiello, L. and Ain, A. and Ajith, P. and Allen, G. and others},
  collaboration = {LIGO Scientific Collaboration and Virgo Collaboration},
  journal = {Phys. Rev. X},
  volume = {9},
  issue = {3},
  pages = {031040},
  numpages = {49},
  year = {2019},
  month = {Sep},
  publisher = {American Physical Society},
  doi = {10.1103/PhysRevX.9.031040},
  url = {https://link.aps.org/doi/10.1103/PhysRevX.9.031040}
}

@unknown{gwtc2, %name
author = {Abbott, R. and Abbott, T. and Abraham, Sheelu and Acernese, F. and Ackley, K. and Adams, A. and Adams, C. and Adya, V. and Affeldt, C. and Agathos, M. and Agatsuma, Kazuhiro and Aggarwal, Nikita and Aguiar, O. and Aiello, L. and Ain, Anirban and Ajith, P. and Akcay, S. and others},
year = {2020},
month = {10},
pages = {},
title = {GWTC-2: Compact Binary Coalescences Observed by LIGO and Virgo During the First Half of the Third Observing Run}
}

@article{schultz2009review, %name
  title={Physics, astrophysics and cosmology with gravitational waves},
  author={Sathyaprakash, Bangalore Suryanarayana and Schutz, Bernard F},
  journal={Living reviews in relativity},
  volume={12},
  number={1},
  pages={2},
  year={2009},
  publisher={Springer}
}

@phdthesis{bayley2020phd, %name 
  title={Non-parametric and machine learning techniques for continuous gravitational wave searches}, author={Bayley, Joseph Charles}, 
  year={2020}
}

@book{sivia2006textbook, %name
  title={Data analysis: a Bayesian tutorial},
  author={Sivia, Devinderjit and Skilling, John},
  year={2006},
  publisher={OUP Oxford}
}

@article{mlreview2020, %name
  title={Enhancing Gravitational-Wave Science with Machine Learning},
  author={Cuoco, Elena and Powell, Jade and Cavagli{\`a}, Marco and Ackley, Kendall and Bejger, Michal and Chatterjee, Chayan and Coughlin, Michael and Coughlin, Scott and Easter, Paul and Essick, Reed and others},
  journal={arXiv preprint arXiv:2005.03745},
  year={2020}
}

@article{vitpaper, %name
  title={Bayesian parameter estimation using conditional variational autoencoders for gravitational-wave astronomy},
  author={Gabbard, Hunter and Messenger, Chris and Heng, Ik Siong and Tonolini, Francesco and Murray-Smith, Roderick},
  journal={arXiv preprint arXiv:1909.06296},
  year={2019}
}

@article{gabbard2018matching, %name
  title={Matching matched filtering with deep networks for gravitational-wave astronomy},
  author={Gabbard, Hunter and Williams, Michael and Hayes, Fergus and Messenger, Chris},
  journal={Physical review letters},
  volume={120},
  number={14},
  pages={141103},
  year={2018},
  publisher={APS}
}

@article{cwml2019, %name
  title={Deep-learning continuous gravitational waves},
  author={Dreissigacker, Christoph and Sharma, Rahul and Messenger, Chris and Zhao, Ruining and Prix, Reinhard},
  journal={Physical Review D},
  volume={100},
  number={4},
  pages={044009},
  year={2019},
  publisher={APS}
}

@article{abbott2016observation, %name
  title={Observation of gravitational waves from a binary black hole merger},
  author={Abbott, Benjamin P and Abbott, Richard and Abbott, TD and Abernathy, MR and Acernese, Fausto and Ackley, Kendall and Adams, Carl and Adams, Thomas and Addesso, Paolo and Adhikari, RX and others},
  journal={Physical review letters},
  volume={116},
  number={6},
  pages={061102},
  year={2016},
  publisher={APS}
}

@article{tensorflow, %name
  title={Tensorflow: Large-scale machine learning on heterogeneous distributed systems},
  author={Abadi, Mart{\'\i}n and Agarwal, Ashish and Barham, Paul and Brevdo, Eugene and Chen, Zhifeng and Citro, Craig and Corrado, Greg S and Davis, Andy and Dean, Jeffrey and Devin, Matthieu and others},
  journal={arXiv preprint arXiv:1603.04467},
  year={2016}
}

@article{einstein1, %name
  author={Einstein, A.},
  journal={Sitzungsber. K. Preuss. Akad. Wiss},
  volume={1},
  number={688},
  year={1916},
}

@article{advancedLIGO, %name
   title={Advanced LIGO},
   volume={32},
   ISSN={1361-6382},
   url={http://dx.doi.org/10.1088/0264-9381/32/7/074001},
   DOI={10.1088/0264-9381/32/7/074001},
   number={7},
   journal={Classical and Quantum Gravity},
   publisher={IOP Publishing},
   author={Aasi, J and Abbott, B P and Abbott, R and Abbott, T and Abernathy, M R and Ackley, K and Adams, C and Adams, T and Addesso, P and et al.},
   year={2015},
   month={Mar},
   pages={074001}
}

@article{advacnedVIRGO, %name
  title={Advanced Virgo: a second-generation interferometric gravitational wave detector},
  author={Acernese, F and Agathos, M and Agatsuma, K and Aisa, D and Allemandou, N and Allocca, A and Amarni, J and Astone, P and Balestri, G and Ballardin, G and others},
  journal={Classical and Quantum Gravity},
  volume={32},
  number={2},
  pages={024001},
  year={2014},
  publisher={IOP Publishing}
}

@article{BBHo1, %name
  title = {Binary Black Hole Mergers in the First Advanced LIGO Observing Run},
  author = {Abbott, B. P. and Abbott, R. and Abbott, T. D. and Abernathy, M. R. and Acernese, F. and Ackley, K. and others},
  collaboration = {LIGO Scientific Collaboration and Virgo Collaboration},
  journal = {Phys. Rev. X},
  volume = {6},
  issue = {4},
  pages = {041015},
  numpages = {36},
  year = {2016},
  month = {Oct},
  publisher = {American Physical Society},
  doi = {10.1103/PhysRevX.6.041015},
  url = {https://link.aps.org/doi/10.1103/PhysRevX.6.041015}
}

@article{pycbc2016, %name
	doi = {10.1088/0264-9381/33/21/215004},
	year = 2016,
	month = {oct},
	publisher = {{IOP} Publishing},
	volume = {33},
	number = {21},
	pages = {215004},
	author = {Samantha A Usman and Alexander H Nitz and Ian W Harry and Christopher M Biwer and Duncan A Brown and Miriam Cabero and Collin D Capano and Tito Dal Canton and Thomas Dent and Stephen Fairhurst and Marcel S Kehl and Drew Keppel and Badri Krishnan and Amber Lenon and Andrew Lundgren and Alex B Nielsen and Larne P Pekowsky and Harald P Pfeiffer and Peter R Saulson and Matthew West and Joshua L Willis},
	title = {The {PyCBC} search for gravitational waves from compact binary coalescence},
	journal = {Classical and Quantum Gravity},
}

@misc{stephengreen2020, %name
      title={Complete parameter inference for GW150914 using deep learning}, 
      author={Stephen R. Green and Jonathan Gair},
      year={2020},
      eprint={2008.03312},
      archivePrefix={arXiv},
      primaryClass={astro-ph.IM}
}

@article{bayesog, %name
author = {Bayes, Thomas  and Price, null },
title = {LII. An essay towards solving a problem in the doctrine of chances. By the late Rev. Mr. Bayes, F. R. S. communicated by Mr. Price, in a letter to John Canton, A. M. F. R. S},
journal = {Philosophical Transactions of the Royal Society of London},
volume = {53},
number = {},
pages = {370-418},
year = {1763},
doi = {10.1098/rstl.1763.0053},
}

@article{everythingbutBBHo1, %name
   title={UPPER LIMITS ON THE RATES OF BINARY NEUTRON STAR AND NEUTRON STAR–BLACK HOLE MERGERS FROM ADVANCED LIGO’S FIRST OBSERVING RUN},
   volume={832},
   ISSN={2041-8213},
   url={http://dx.doi.org/10.3847/2041-8205/832/2/L21},
   DOI={10.3847/2041-8205/832/2/l21},
   number={2},
   journal={The Astrophysical Journal},
   publisher={American Astronomical Society},
   author={Abbott, B. P. and Abbott, R. and Abbott, T. D. and Abernathy, M. R. and Acernese, F. and Ackley, K. and Adams, C. and Adams, T. and Addesso, P. and Adhikari, R. X. and et al.},
}

@article{gstlal_gen1_2017, %check this is right??
   title={Analysis framework for the prompt discovery of compact binary mergers in gravitational-wave data},
   volume={95},
   ISSN={2470-0029},
   url={http://dx.doi.org/10.1103/PhysRevD.95.042001},
   DOI={10.1103/physrevd.95.042001},
   number={4},
   journal={Physical Review D},
   publisher={American Physical Society (APS)},
   author={Messick, Cody and Blackburn, Kent and Brady, Patrick and Brockill, Patrick and Cannon, Kipp and Cariou, Romain and Caudill, Sarah and Chamberlin, Sydney J. and Creighton, Jolien D. E. and Everett, Ryan and et al.},
   year={2017},
   month={Feb}
}

@misc{gstlal_gen2_2019, %name
      title={The GstLAL Search Analysis Methods for Compact Binary Mergers in Advanced LIGO's Second and Advanced Virgo's First Observing Runs}, 
      author={Surabhi Sachdev and Sarah Caudill and Heather Fong and Rico K. L. Lo and Cody Messick and Debnandini Mukherjee and Ryan Magee and Leo Tsukada and Kent Blackburn and Patrick Brady and Patrick Brockill and Kipp Cannon and Sydney J. Chamberlin and Deep Chatterjee and Jolien D. E. Creighton and Patrick Godwin and Anuradha Gupta and Chad Hanna and Shasvath Kapadia and Ryan N. Lang and Tjonnie G. F. Li and Duncan Meacher and Alexander Pace and Stephen Privitera and Laleh Sadeghian and Leslie Wade and Madeline Wade and Alan Weinstein and Sophia Liting Xiao},
      year={2019},
      eprint={1901.08580},
      archivePrefix={arXiv},
      primaryClass={gr-qc}
}

@article{ml_cws, %name
  title={Deep-learning continuous gravitational waves},
  author={Dreissigacker, Christoph and Sharma, Rahul and Messenger, Chris and Zhao, Ruining and Prix, Reinhard},
  journal={Physical Review D},
  volume={100},
  number={4},
  pages={044009},
  year={2019},
  publisher={APS}
}

@article{resample_aus, %name
  title={Higher order gravitational-wave modes with likelihood reweighting},
  author={Payne, Ethan and Talbot, Colm and Thrane, Eric},
  journal={Physical Review D},
  volume={100},
  number={12},
  pages={123017},
  year={2019},
  publisher={APS}
}

@article{bayley2019soap, %name
  title={SOAP: A generalised application of the Viterbi algorithm to searches for continuous gravitational-wave signals},
  author={Bayley, Joe and Woan, Graham and Messenger, Chris},
  journal={arXiv preprint arXiv:1903.12614},
  year={2019}
}

@article{bayley2020soapML, %name
  title={Robust machine learning algorithm to search for continuous gravitational waves},
  author={Bayley, Joe and Messenger, Chris and Woan, Graham},
  journal={Physical Review D},
  volume={102},
  number={8},
  pages={083024},
  year={2020},
  publisher={APS}
}
